%YAML 1.1
%TAG !u! tag:unity3d.com,2011:
--- !u!1001 &100100000
Prefab:
  m_ObjectHideFlags: 1
  serializedVersion: 2
  m_Modification:
    m_TransformParent: {fileID: 0}
    m_Modifications: []
    m_RemovedComponents: []
  m_ParentPrefab: {fileID: 0}
  m_RootGameObject: {fileID: 1000010251239342}
  m_IsPrefabParent: 1
--- !u!1 &1000010251239342
GameObject:
  m_ObjectHideFlags: 0
  m_PrefabParentObject: {fileID: 0}
  m_PrefabInternal: {fileID: 100100000}
  serializedVersion: 5
  m_Component:
  - component: {fileID: 4000012146845076}
  m_Layer: 31
  m_Name: Gesture1
  m_TagString: Untagged
  m_Icon: {fileID: 0}
  m_NavMeshLayer: 0
  m_StaticEditorFlags: 0
  m_IsActive: 1
--- !u!1 &1000010495856518
GameObject:
  m_ObjectHideFlags: 1
  m_PrefabParentObject: {fileID: 0}
  m_PrefabInternal: {fileID: 100100000}
  serializedVersion: 5
  m_Component:
  - component: {fileID: 4000011482341280}
  m_Layer: 31
  m_Name: Bip01 R Finger044
  m_TagString: Untagged
  m_Icon: {fileID: 0}
  m_NavMeshLayer: 0
  m_StaticEditorFlags: 0
  m_IsActive: 1
--- !u!1 &1000010604636512
GameObject:
  m_ObjectHideFlags: 1
  m_PrefabParentObject: {fileID: 0}
  m_PrefabInternal: {fileID: 100100000}
  serializedVersion: 5
  m_Component:
  - component: {fileID: 4000013066588816}
  m_Layer: 31
  m_Name: Bip01 R Finger056
  m_TagString: Untagged
  m_Icon: {fileID: 0}
  m_NavMeshLayer: 0
  m_StaticEditorFlags: 0
  m_IsActive: 1
--- !u!1 &1000010610054204
GameObject:
  m_ObjectHideFlags: 1
  m_PrefabParentObject: {fileID: 0}
  m_PrefabInternal: {fileID: 100100000}
  serializedVersion: 5
  m_Component:
  - component: {fileID: 4000014229467632}
  m_Layer: 31
  m_Name: Bip01 R Finger048
  m_TagString: Untagged
  m_Icon: {fileID: 0}
  m_NavMeshLayer: 0
  m_StaticEditorFlags: 0
  m_IsActive: 1
--- !u!1 &1000010862595288
GameObject:
  m_ObjectHideFlags: 1
  m_PrefabParentObject: {fileID: 0}
  m_PrefabInternal: {fileID: 100100000}
  serializedVersion: 5
  m_Component:
  - component: {fileID: 4000012028188370}
  m_Layer: 31
  m_Name: Bip01 R Finger046
  m_TagString: Untagged
  m_Icon: {fileID: 0}
  m_NavMeshLayer: 0
  m_StaticEditorFlags: 0
  m_IsActive: 1
--- !u!1 &1000010906785764
GameObject:
  m_ObjectHideFlags: 1
  m_PrefabParentObject: {fileID: 0}
  m_PrefabInternal: {fileID: 100100000}
  serializedVersion: 5
  m_Component:
  - component: {fileID: 4000012322114342}
  m_Layer: 31
  m_Name: Bip01 R Finger043
  m_TagString: Untagged
  m_Icon: {fileID: 0}
  m_NavMeshLayer: 0
  m_StaticEditorFlags: 0
  m_IsActive: 1
--- !u!1 &1000010926522988
GameObject:
  m_ObjectHideFlags: 1
  m_PrefabParentObject: {fileID: 0}
  m_PrefabInternal: {fileID: 100100000}
  serializedVersion: 5
  m_Component:
  - component: {fileID: 4000010914219774}
  m_Layer: 31
  m_Name: Bip01 R Finger045
  m_TagString: Untagged
  m_Icon: {fileID: 0}
  m_NavMeshLayer: 0
  m_StaticEditorFlags: 0
  m_IsActive: 1
--- !u!1 &1000011073725652
GameObject:
  m_ObjectHideFlags: 1
  m_PrefabParentObject: {fileID: 0}
  m_PrefabInternal: {fileID: 100100000}
  serializedVersion: 5
  m_Component:
  - component: {fileID: 4000013438993220}
  m_Layer: 31
  m_Name: Bip01 R Finger055
  m_TagString: Untagged
  m_Icon: {fileID: 0}
  m_NavMeshLayer: 0
  m_StaticEditorFlags: 0
  m_IsActive: 1
--- !u!1 &1000011490141224
GameObject:
  m_ObjectHideFlags: 1
  m_PrefabParentObject: {fileID: 0}
  m_PrefabInternal: {fileID: 100100000}
  serializedVersion: 5
  m_Component:
  - component: {fileID: 4000010289066134}
  m_Layer: 31
  m_Name: Bip01 R Hand001
  m_TagString: Untagged
  m_Icon: {fileID: 0}
  m_NavMeshLayer: 0
  m_StaticEditorFlags: 0
  m_IsActive: 1
--- !u!1 &1000011557444854
GameObject:
  m_ObjectHideFlags: 1
  m_PrefabParentObject: {fileID: 0}
  m_PrefabInternal: {fileID: 100100000}
  serializedVersion: 5
  m_Component:
  - component: {fileID: 4000010251672242}
  - component: {fileID: 33000010302241518}
  - component: {fileID: 23000013260537806}
  m_Layer: 31
  m_Name: Sphere (1)
  m_TagString: Untagged
  m_Icon: {fileID: 0}
  m_NavMeshLayer: 0
  m_StaticEditorFlags: 0
  m_IsActive: 1
--- !u!1 &1000011943506010
GameObject:
  m_ObjectHideFlags: 1
  m_PrefabParentObject: {fileID: 0}
  m_PrefabInternal: {fileID: 100100000}
  serializedVersion: 5
  m_Component:
  - component: {fileID: 4000011257452554}
  m_Layer: 31
  m_Name: Probe
  m_TagString: Untagged
  m_Icon: {fileID: 0}
  m_NavMeshLayer: 0
  m_StaticEditorFlags: 0
  m_IsActive: 1
--- !u!1 &1000012104318798
GameObject:
  m_ObjectHideFlags: 0
  m_PrefabParentObject: {fileID: 0}
  m_PrefabInternal: {fileID: 100100000}
  serializedVersion: 5
  m_Component:
  - component: {fileID: 4000012672673130}
  - component: {fileID: 137000010734209178}
  m_Layer: 31
  m_Name: salt_hand_left
  m_TagString: Untagged
  m_Icon: {fileID: 0}
  m_NavMeshLayer: 0
  m_StaticEditorFlags: 0
  m_IsActive: 1
--- !u!1 &1000012252413802
GameObject:
  m_ObjectHideFlags: 1
  m_PrefabParentObject: {fileID: 0}
  m_PrefabInternal: {fileID: 100100000}
  serializedVersion: 5
  m_Component:
  - component: {fileID: 4000011342278840}
  m_Layer: 31
  m_Name: Bip01 R Finger052
  m_TagString: Untagged
  m_Icon: {fileID: 0}
  m_NavMeshLayer: 0
  m_StaticEditorFlags: 0
  m_IsActive: 1
--- !u!1 &1000012315644266
GameObject:
  m_ObjectHideFlags: 1
  m_PrefabParentObject: {fileID: 0}
  m_PrefabInternal: {fileID: 100100000}
  serializedVersion: 5
  m_Component:
  - component: {fileID: 4000010727642392}
  m_Layer: 31
  m_Name: Bip01 R Finger057
  m_TagString: Untagged
  m_Icon: {fileID: 0}
  m_NavMeshLayer: 0
  m_StaticEditorFlags: 0
  m_IsActive: 1
--- !u!1 &1000012405002208
GameObject:
  m_ObjectHideFlags: 1
  m_PrefabParentObject: {fileID: 0}
  m_PrefabInternal: {fileID: 100100000}
  serializedVersion: 5
  m_Component:
  - component: {fileID: 4000011502156378}
  m_Layer: 31
  m_Name: Bip01 R Finger050
  m_TagString: Untagged
  m_Icon: {fileID: 0}
  m_NavMeshLayer: 0
  m_StaticEditorFlags: 0
  m_IsActive: 1
--- !u!1 &1000012641048098
GameObject:
  m_ObjectHideFlags: 1
  m_PrefabParentObject: {fileID: 0}
  m_PrefabInternal: {fileID: 100100000}
  serializedVersion: 5
  m_Component:
  - component: {fileID: 4000010977897566}
  m_Layer: 31
  m_Name: Bip01 R Finger054
  m_TagString: Untagged
  m_Icon: {fileID: 0}
  m_NavMeshLayer: 0
  m_StaticEditorFlags: 0
  m_IsActive: 1
--- !u!1 &1000012652973730
GameObject:
  m_ObjectHideFlags: 1
  m_PrefabParentObject: {fileID: 0}
  m_PrefabInternal: {fileID: 100100000}
  serializedVersion: 5
  m_Component:
  - component: {fileID: 4000010269975464}
  m_Layer: 31
  m_Name: Bip01 R Finger3Nub001
  m_TagString: Untagged
  m_Icon: {fileID: 0}
  m_NavMeshLayer: 0
  m_StaticEditorFlags: 0
  m_IsActive: 1
--- !u!1 &1000012758024890
GameObject:
  m_ObjectHideFlags: 0
  m_PrefabParentObject: {fileID: 0}
  m_PrefabInternal: {fileID: 100100000}
  serializedVersion: 5
  m_Component:
  - component: {fileID: 4000011558178280}
  m_Layer: 31
  m_Name: Rot
  m_TagString: Untagged
  m_Icon: {fileID: 0}
  m_NavMeshLayer: 0
  m_StaticEditorFlags: 0
  m_IsActive: 1
--- !u!1 &1000013111858030
GameObject:
  m_ObjectHideFlags: 1
  m_PrefabParentObject: {fileID: 0}
  m_PrefabInternal: {fileID: 100100000}
  serializedVersion: 5
  m_Component:
  - component: {fileID: 4000010761024896}
  m_Layer: 31
  m_Name: Bip01 R Finger2Nub001
  m_TagString: Untagged
  m_Icon: {fileID: 0}
  m_NavMeshLayer: 0
  m_StaticEditorFlags: 0
  m_IsActive: 1
--- !u!1 &1000013228260894
GameObject:
  m_ObjectHideFlags: 1
  m_PrefabParentObject: {fileID: 0}
  m_PrefabInternal: {fileID: 100100000}
  serializedVersion: 5
  m_Component:
  - component: {fileID: 4000013776670872}
  m_Layer: 31
  m_Name: Bip01 R Finger049
  m_TagString: Untagged
  m_Icon: {fileID: 0}
  m_NavMeshLayer: 0
  m_StaticEditorFlags: 0
  m_IsActive: 1
--- !u!1 &1000013384727746
GameObject:
  m_ObjectHideFlags: 1
  m_PrefabParentObject: {fileID: 0}
  m_PrefabInternal: {fileID: 100100000}
  serializedVersion: 5
  m_Component:
  - component: {fileID: 4000012888419048}
  - component: {fileID: 33000010384737480}
  - component: {fileID: 136000011613814162}
  - component: {fileID: 23000010463210634}
  m_Layer: 31
  m_Name: Cylinder
  m_TagString: Untagged
  m_Icon: {fileID: 0}
  m_NavMeshLayer: 0
  m_StaticEditorFlags: 0
  m_IsActive: 1
--- !u!1 &1000013459470162
GameObject:
  m_ObjectHideFlags: 1
  m_PrefabParentObject: {fileID: 0}
  m_PrefabInternal: {fileID: 100100000}
  serializedVersion: 5
  m_Component:
  - component: {fileID: 4000010983748262}
  m_Layer: 31
  m_Name: Bip01 R Finger4Nub001
  m_TagString: Untagged
  m_Icon: {fileID: 0}
  m_NavMeshLayer: 0
  m_StaticEditorFlags: 0
  m_IsActive: 1
--- !u!1 &1000013490566088
GameObject:
  m_ObjectHideFlags: 1
  m_PrefabParentObject: {fileID: 0}
  m_PrefabInternal: {fileID: 100100000}
  serializedVersion: 5
  m_Component:
  - component: {fileID: 4000011818512934}
  m_Layer: 31
  m_Name: HandContainer
  m_TagString: Untagged
  m_Icon: {fileID: 0}
  m_NavMeshLayer: 0
  m_StaticEditorFlags: 0
  m_IsActive: 1
--- !u!1 &1000013636588918
GameObject:
  m_ObjectHideFlags: 1
  m_PrefabParentObject: {fileID: 0}
  m_PrefabInternal: {fileID: 100100000}
  serializedVersion: 5
  m_Component:
  - component: {fileID: 4000011574985424}
  m_Layer: 31
  m_Name: Bip01 R Finger053
  m_TagString: Untagged
  m_Icon: {fileID: 0}
  m_NavMeshLayer: 0
  m_StaticEditorFlags: 0
  m_IsActive: 1
--- !u!1 &1000013639514244
GameObject:
  m_ObjectHideFlags: 1
  m_PrefabParentObject: {fileID: 0}
  m_PrefabInternal: {fileID: 100100000}
  serializedVersion: 5
  m_Component:
  - component: {fileID: 4000011030200522}
  m_Layer: 31
  m_Name: Bip01 R Finger0Nub001
  m_TagString: Untagged
  m_Icon: {fileID: 0}
  m_NavMeshLayer: 0
  m_StaticEditorFlags: 0
  m_IsActive: 1
--- !u!1 &1000013712923238
GameObject:
  m_ObjectHideFlags: 1
  m_PrefabParentObject: {fileID: 0}
  m_PrefabInternal: {fileID: 100100000}
  serializedVersion: 5
  m_Component:
  - component: {fileID: 4000014170795196}
  m_Layer: 31
  m_Name: Bip01 R Finger1Nub001
  m_TagString: Untagged
  m_Icon: {fileID: 0}
  m_NavMeshLayer: 0
  m_StaticEditorFlags: 0
  m_IsActive: 1
--- !u!1 &1000013822702658
GameObject:
  m_ObjectHideFlags: 1
  m_PrefabParentObject: {fileID: 0}
  m_PrefabInternal: {fileID: 100100000}
  serializedVersion: 5
  m_Component:
  - component: {fileID: 4000010287114972}
  m_Layer: 31
  m_Name: Bip01 R Finger051
  m_TagString: Untagged
  m_Icon: {fileID: 0}
  m_NavMeshLayer: 0
  m_StaticEditorFlags: 0
  m_IsActive: 1
--- !u!1 &1000014012024928
GameObject:
  m_ObjectHideFlags: 1
  m_PrefabParentObject: {fileID: 0}
  m_PrefabInternal: {fileID: 100100000}
  serializedVersion: 5
  m_Component:
  - component: {fileID: 4000012880268688}
  m_Layer: 31
  m_Name: Bip01 R Finger047
  m_TagString: Untagged
  m_Icon: {fileID: 0}
  m_NavMeshLayer: 0
  m_StaticEditorFlags: 0
  m_IsActive: 1
--- !u!1 &1000014201317342
GameObject:
  m_ObjectHideFlags: 1
  m_PrefabParentObject: {fileID: 0}
  m_PrefabInternal: {fileID: 100100000}
  serializedVersion: 5
  m_Component:
  - component: {fileID: 4000011864876492}
  - component: {fileID: 33000010500033754}
  - component: {fileID: 23000013026988750}
  m_Layer: 31
  m_Name: Sphere
  m_TagString: Untagged
  m_Icon: {fileID: 0}
  m_NavMeshLayer: 0
  m_StaticEditorFlags: 0
  m_IsActive: 1
--- !u!4 &4000010251672242
Transform:
  m_ObjectHideFlags: 1
  m_PrefabParentObject: {fileID: 0}
  m_PrefabInternal: {fileID: 100100000}
  m_GameObject: {fileID: 1000011557444854}
  m_LocalRotation: {x: -0, y: -0, z: -0, w: 1}
  m_LocalPosition: {x: 0, y: 0.8, z: 0}
  m_LocalScale: {x: 0.5, y: 0.8, z: 0.5}
  m_Children: []
  m_Father: {fileID: 4000011257452554}
  m_RootOrder: 1
  m_LocalEulerAnglesHint: {x: 0, y: 0, z: 0}
--- !u!4 &4000010269975464
Transform:
  m_ObjectHideFlags: 1
  m_PrefabParentObject: {fileID: 0}
  m_PrefabInternal: {fileID: 100100000}
  m_GameObject: {fileID: 1000012652973730}
  m_LocalRotation: {x: -0.0000000074505815, y: -0.000000014901161, z: 1, w: 0.000000044703487}
  m_LocalPosition: {x: -0.022493916, y: 0.000000028610229, z: 0}
  m_LocalScale: {x: -0.99999994, y: -0.99999994, z: -0.99999994}
  m_Children: []
  m_Father: {fileID: 4000010977897566}
  m_RootOrder: 0
  m_LocalEulerAnglesHint: {x: 0, y: 0, z: 0}
--- !u!4 &4000010287114972
Transform:
  m_ObjectHideFlags: 1
  m_PrefabParentObject: {fileID: 0}
  m_PrefabInternal: {fileID: 100100000}
  m_GameObject: {fileID: 1000013822702658}
  m_LocalRotation: {x: 0.0000000037177843, y: 0.0000000047748476, z: -0.27642587,
    w: 0.96103525}
  m_LocalPosition: {x: -0.027314385, y: 0.000000028610229, z: 0}
  m_LocalScale: {x: 0.99999994, y: 1.0000002, z: 1.0000001}
  m_Children:
  - {fileID: 4000010761024896}
  m_Father: {fileID: 4000011502156378}
  m_RootOrder: 0
  m_LocalEulerAnglesHint: {x: 0, y: 0, z: 0}
--- !u!4 &4000010289066134
Transform:
  m_ObjectHideFlags: 1
  m_PrefabParentObject: {fileID: 0}
  m_PrefabInternal: {fileID: 100100000}
  m_GameObject: {fileID: 1000011490141224}
  m_LocalRotation: {x: 0, y: 0, z: 0, w: 1}
  m_LocalPosition: {x: 0.06498885, y: -0.00756256, z: -0.0052560256}
  m_LocalScale: {x: 1, y: 1, z: 1}
  m_Children:
  - {fileID: 4000012322114342}
  - {fileID: 4000012028188370}
  - {fileID: 4000013776670872}
  - {fileID: 4000011342278840}
  - {fileID: 4000013438993220}
  m_Father: {fileID: 4000011818512934}
  m_RootOrder: 0
  m_LocalEulerAnglesHint: {x: 0, y: 0, z: 0}
--- !u!4 &4000010727642392
Transform:
  m_ObjectHideFlags: 1
  m_PrefabParentObject: {fileID: 0}
  m_PrefabInternal: {fileID: 100100000}
  m_GameObject: {fileID: 1000012315644266}
  m_LocalRotation: {x: 0.000000024949323, y: 0.000000041101874, z: -0.26451728, w: 0.96438104}
  m_LocalPosition: {x: -0.020328999, y: 0.000000028610229, z: -0.000000019073486}
  m_LocalScale: {x: 1.0000001, y: 1, z: 0.99999994}
  m_Children:
  - {fileID: 4000010983748262}
  m_Father: {fileID: 4000013066588816}
  m_RootOrder: 0
  m_LocalEulerAnglesHint: {x: 0, y: 0, z: 0}
--- !u!4 &4000010761024896
Transform:
  m_ObjectHideFlags: 1
  m_PrefabParentObject: {fileID: 0}
  m_PrefabInternal: {fileID: 100100000}
  m_GameObject: {fileID: 1000013111858030}
  m_LocalRotation: {x: -0.000000010244548, y: 0.00000000791624, z: 1, w: -0.000000044703484}
  m_LocalPosition: {x: -0.02439495, y: 0, z: -0.000000019073486}
  m_LocalScale: {x: -1, y: -1.0000001, z: -1.0000001}
  m_Children: []
  m_Father: {fileID: 4000010287114972}
  m_RootOrder: 0
  m_LocalEulerAnglesHint: {x: 0, y: 0, z: 0}
--- !u!4 &4000010914219774
Transform:
  m_ObjectHideFlags: 1
  m_PrefabParentObject: {fileID: 0}
  m_PrefabInternal: {fileID: 100100000}
  m_GameObject: {fileID: 1000010926522988}
  m_LocalRotation: {x: -0.000000040523727, y: 0.0000000115838, z: -0.29750404, w: 0.9547206}
  m_LocalPosition: {x: -0.030060671, y: 0, z: 0.00000004529953}
  m_LocalScale: {x: 1.0000001, y: 1, z: 1}
  m_Children:
  - {fileID: 4000011030200522}
  m_Father: {fileID: 4000011482341280}
  m_RootOrder: 0
  m_LocalEulerAnglesHint: {x: 0, y: 0, z: 0}
--- !u!4 &4000010977897566
Transform:
  m_ObjectHideFlags: 1
  m_PrefabParentObject: {fileID: 0}
  m_PrefabInternal: {fileID: 100100000}
  m_GameObject: {fileID: 1000012641048098}
  m_LocalRotation: {x: 0.00000001014285, y: -0.000000034488313, z: -0.26869565, w: 0.9632252}
  m_LocalPosition: {x: -0.02422431, y: 0.000000038146972, z: -0.000000009536743}
  m_LocalScale: {x: 0.9999999, y: 1, z: 0.99999994}
  m_Children:
  - {fileID: 4000010269975464}
  m_Father: {fileID: 4000011574985424}
  m_RootOrder: 0
  m_LocalEulerAnglesHint: {x: 0, y: 0, z: 0}
--- !u!4 &4000010983748262
Transform:
  m_ObjectHideFlags: 1
  m_PrefabParentObject: {fileID: 0}
  m_PrefabInternal: {fileID: 100100000}
  m_GameObject: {fileID: 1000013459470162}
  m_LocalRotation: {x: 0, y: 0, z: 1, w: -0.000000059604645}
  m_LocalPosition: {x: -0.020243187, y: -0.000000038146972, z: 0.000000038146972}
  m_LocalScale: {x: -1, y: -1, z: -0.99999994}
  m_Children: []
  m_Father: {fileID: 4000010727642392}
  m_RootOrder: 0
  m_LocalEulerAnglesHint: {x: 0, y: 0, z: 0}
--- !u!4 &4000011030200522
Transform:
  m_ObjectHideFlags: 1
  m_PrefabParentObject: {fileID: 0}
  m_PrefabInternal: {fileID: 100100000}
  m_GameObject: {fileID: 1000013639514244}
  m_LocalRotation: {x: 0.000000029802322, y: -0.000000014901161, z: 1, w: -0.000000052154064}
  m_LocalPosition: {x: -0.02649506, y: -0.000000019073486, z: 0.000000023841856}
  m_LocalScale: {x: -1, y: -0.9999999, z: -1}
  m_Children: []
  m_Father: {fileID: 4000010914219774}
  m_RootOrder: 0
  m_LocalEulerAnglesHint: {x: 0, y: 0, z: 0}
--- !u!4 &4000011257452554
Transform:
  m_ObjectHideFlags: 1
  m_PrefabParentObject: {fileID: 0}
  m_PrefabInternal: {fileID: 100100000}
  m_GameObject: {fileID: 1000011943506010}
  m_LocalRotation: {x: 0.1454149, y: 0.61094385, z: -0.70814997, w: 0.32268536}
  m_LocalPosition: {x: 0.020131746, y: 0.013716755, z: -0.022256589}
  m_LocalScale: {x: -0.09999996, y: -0.100000024, z: -0.100000024}
  m_Children:
  - {fileID: 4000011864876492}
  - {fileID: 4000010251672242}
  - {fileID: 4000012888419048}
  m_Father: {fileID: 4000011818512934}
  m_RootOrder: 1
  m_LocalEulerAnglesHint: {x: 61.211002, y: 8.02, z: -20.971}
--- !u!4 &4000011342278840
Transform:
  m_ObjectHideFlags: 1
  m_PrefabParentObject: {fileID: 0}
  m_PrefabInternal: {fileID: 100100000}
  m_GameObject: {fileID: 1000012252413802}
  m_LocalRotation: {x: 0.14210601, y: -0.0017076135, z: -0.7247922, w: 0.6741509}
  m_LocalPosition: {x: -0.07751628, y: -0.0014885855, z: -0.013413763}
  m_LocalScale: {x: 1.000001, y: 0.99999917, z: 1.0000002}
  m_Children:
  - {fileID: 4000011574985424}
  m_Father: {fileID: 4000010289066134}
  m_RootOrder: 3
  m_LocalEulerAnglesHint: {x: 0, y: 0, z: 0}
--- !u!4 &4000011482341280
Transform:
  m_ObjectHideFlags: 1
  m_PrefabParentObject: {fileID: 0}
  m_PrefabInternal: {fileID: 100100000}
  m_GameObject: {fileID: 1000010495856518}
  m_LocalRotation: {x: 0.00000002980232, y: -0.00000002980232, z: -0.20346305, w: 0.97908264}
  m_LocalPosition: {x: -0.033673603, y: -0.000000057220458, z: -0.0000000023841857}
  m_LocalScale: {x: 0.99999994, y: 1, z: 0.9999999}
  m_Children:
  - {fileID: 4000010914219774}
  m_Father: {fileID: 4000012322114342}
  m_RootOrder: 0
  m_LocalEulerAnglesHint: {x: 0, y: 0, z: 0}
--- !u!4 &4000011502156378
Transform:
  m_ObjectHideFlags: 1
  m_PrefabParentObject: {fileID: 0}
  m_PrefabInternal: {fileID: 100100000}
  m_GameObject: {fileID: 1000012405002208}
  m_LocalRotation: {x: -0.000000010244546, y: 0.00000001583248, z: -0.6004225, w: 0.799683}
  m_LocalPosition: {x: -0.042837933, y: 0.000000011920928, z: 0.000000019073486}
  m_LocalScale: {x: 1, y: 1, z: 0.9999999}
  m_Children:
  - {fileID: 4000010287114972}
  m_Father: {fileID: 4000013776670872}
  m_RootOrder: 0
  m_LocalEulerAnglesHint: {x: 0, y: 0, z: 0}
--- !u!4 &4000011558178280
Transform:
  m_ObjectHideFlags: 1
  m_PrefabParentObject: {fileID: 0}
  m_PrefabInternal: {fileID: 100100000}
  m_GameObject: {fileID: 1000012758024890}
  m_LocalRotation: {x: 0, y: 1, z: 0, w: 0}
  m_LocalPosition: {x: 0, y: 0, z: 0}
  m_LocalScale: {x: 1, y: 1, z: 1}
  m_Children:
  - {fileID: 4000011818512934}
  m_Father: {fileID: 4000012146845076}
  m_RootOrder: 1
  m_LocalEulerAnglesHint: {x: 0, y: 180, z: 0}
--- !u!4 &4000011574985424
Transform:
  m_ObjectHideFlags: 1
  m_PrefabParentObject: {fileID: 0}
  m_PrefabInternal: {fileID: 100100000}
  m_GameObject: {fileID: 1000013636588918}
  m_LocalRotation: {x: -0.000000025145706, y: -0.000000021726008, z: -0.61663324,
    w: 0.7872506}
  m_LocalPosition: {x: -0.04060458, y: -0.0000000667572, z: 0.000000019073486}
  m_LocalScale: {x: 1, y: 1, z: 1}
  m_Children:
  - {fileID: 4000010977897566}
  m_Father: {fileID: 4000011342278840}
  m_RootOrder: 0
  m_LocalEulerAnglesHint: {x: 0, y: 0, z: 0}
--- !u!4 &4000011818512934
Transform:
  m_ObjectHideFlags: 1
  m_PrefabParentObject: {fileID: 0}
  m_PrefabInternal: {fileID: 100100000}
  m_GameObject: {fileID: 1000013490566088}
  m_LocalRotation: {x: 0.061494306, y: -0.6849594, z: 0.24597836, w: 0.6830401}
  m_LocalPosition: {x: -0.007, y: 0.007, z: 0.031}
  m_LocalScale: {x: -1, y: -1, z: -1}
  m_Children:
  - {fileID: 4000010289066134}
  - {fileID: 4000011257452554}
  m_Father: {fileID: 4000011558178280}
  m_RootOrder: 0
  m_LocalEulerAnglesHint: {x: 24.867, y: -86.68, z: 15.805}
--- !u!4 &4000011864876492
Transform:
  m_ObjectHideFlags: 1
  m_PrefabParentObject: {fileID: 0}
  m_PrefabInternal: {fileID: 100100000}
  m_GameObject: {fileID: 1000014201317342}
  m_LocalRotation: {x: -0, y: -0, z: -0, w: 1}
  m_LocalPosition: {x: 0, y: 1, z: 0}
  m_LocalScale: {x: 1, y: 0.5, z: 0.5}
  m_Children: []
  m_Father: {fileID: 4000011257452554}
  m_RootOrder: 0
  m_LocalEulerAnglesHint: {x: 0, y: 0, z: 0}
--- !u!4 &4000012028188370
Transform:
  m_ObjectHideFlags: 1
  m_PrefabParentObject: {fileID: 0}
  m_PrefabInternal: {fileID: 100100000}
  m_GameObject: {fileID: 1000010862595288}
  m_LocalRotation: {x: -0.0162983, y: -0.03252676, z: -0.031024221, w: 0.9988563}
  m_LocalPosition: {x: -0.079285026, y: 0.00091492175, z: 0.0261621}
  m_LocalScale: {x: 0.99999964, y: 1.0000004, z: 1.0000011}
  m_Children:
  - {fileID: 4000012880268688}
  m_Father: {fileID: 4000010289066134}
  m_RootOrder: 1
  m_LocalEulerAnglesHint: {x: 0, y: 0, z: 0}
--- !u!4 &4000012146845076
Transform:
  m_ObjectHideFlags: 1
  m_PrefabParentObject: {fileID: 0}
  m_PrefabInternal: {fileID: 100100000}
  m_GameObject: {fileID: 1000010251239342}
  m_LocalRotation: {x: -0, y: -0, z: -0, w: 1}
  m_LocalPosition: {x: 0, y: 0, z: 0}
  m_LocalScale: {x: 1, y: 1, z: 1}
  m_Children:
  - {fileID: 4000012672673130}
  - {fileID: 4000011558178280}
  m_Father: {fileID: 0}
  m_RootOrder: 0
  m_LocalEulerAnglesHint: {x: 0, y: 0, z: 0}
--- !u!4 &4000012322114342
Transform:
  m_ObjectHideFlags: 1
  m_PrefabParentObject: {fileID: 0}
  m_PrefabInternal: {fileID: 100100000}
  m_GameObject: {fileID: 1000010906785764}
  m_LocalRotation: {x: -0.49115953, y: 0.4402556, z: 0.042108376, w: 0.7504427}
  m_LocalPosition: {x: -0.02674183, y: 0.01869755, z: 0.024697274}
  m_LocalScale: {x: 0.99999976, y: 1.0000013, z: 1.0000007}
  m_Children:
  - {fileID: 4000011482341280}
  m_Father: {fileID: 4000010289066134}
  m_RootOrder: 0
  m_LocalEulerAnglesHint: {x: 0, y: 0, z: 0}
--- !u!4 &4000012672673130
Transform:
  m_ObjectHideFlags: 1
  m_PrefabParentObject: {fileID: 0}
  m_PrefabInternal: {fileID: 100100000}
  m_GameObject: {fileID: 1000012104318798}
  m_LocalRotation: {x: 0.70710677, y: 0, z: 0, w: 0.7071068}
  m_LocalPosition: {x: 0, y: 0, z: 0}
  m_LocalScale: {x: -1, y: -1, z: -1}
  m_Children: []
  m_Father: {fileID: 4000012146845076}
  m_RootOrder: 0
  m_LocalEulerAnglesHint: {x: 0, y: 0, z: 0}
--- !u!4 &4000012880268688
Transform:
  m_ObjectHideFlags: 1
  m_PrefabParentObject: {fileID: 0}
  m_PrefabInternal: {fileID: 100100000}
  m_GameObject: {fileID: 1000014012024928}
  m_LocalRotation: {x: 0.000000011175871, y: -0.00000004656613, z: -0.3366336, w: 0.9416357}
  m_LocalPosition: {x: -0.03594019, y: -0.0000000047683715, z: 0}
  m_LocalScale: {x: 0.9999999, y: 1.0000002, z: 1}
  m_Children:
  - {fileID: 4000014229467632}
  m_Father: {fileID: 4000012028188370}
  m_RootOrder: 0
  m_LocalEulerAnglesHint: {x: 0, y: 0, z: 0}
--- !u!4 &4000012888419048
Transform:
  m_ObjectHideFlags: 1
  m_PrefabParentObject: {fileID: 0}
  m_PrefabInternal: {fileID: 100100000}
  m_GameObject: {fileID: 1000013384727746}
  m_LocalRotation: {x: -0, y: -0, z: -0, w: 1}
  m_LocalPosition: {x: 0, y: 0, z: 0}
  m_LocalScale: {x: 0.1, y: 0.8, z: 0.1}
  m_Children: []
  m_Father: {fileID: 4000011257452554}
  m_RootOrder: 2
  m_LocalEulerAnglesHint: {x: 0, y: 0, z: 0}
--- !u!4 &4000013066588816
Transform:
  m_ObjectHideFlags: 1
  m_PrefabParentObject: {fileID: 0}
  m_PrefabInternal: {fileID: 100100000}
  m_GameObject: {fileID: 1000010604636512}
  m_LocalRotation: {x: 0.000000026077032, y: -0.0000000027939677, z: -0.6123471, w: 0.7905891}
  m_LocalPosition: {x: -0.027029475, y: -0.000000019073486, z: 0.000000019073486}
  m_LocalScale: {x: 1.0000001, y: 1.0000001, z: 1.0000001}
  m_Children:
  - {fileID: 4000010727642392}
  m_Father: {fileID: 4000013438993220}
  m_RootOrder: 0
  m_LocalEulerAnglesHint: {x: 0, y: 0, z: 0}
--- !u!4 &4000013438993220
Transform:
  m_ObjectHideFlags: 1
  m_PrefabParentObject: {fileID: 0}
  m_PrefabInternal: {fileID: 100100000}
  m_GameObject: {fileID: 1000011073725652}
  m_LocalRotation: {x: 0.28719652, y: -0.05434507, z: -0.6842902, w: 0.66806567}
  m_LocalPosition: {x: -0.07049664, y: 0.0010049534, z: -0.029412564}
  m_LocalScale: {x: 1.0000006, y: 1.0000001, z: 0.9999999}
  m_Children:
  - {fileID: 4000013066588816}
  m_Father: {fileID: 4000010289066134}
  m_RootOrder: 4
  m_LocalEulerAnglesHint: {x: 0, y: 0, z: 0}
--- !u!4 &4000013776670872
Transform:
  m_ObjectHideFlags: 1
  m_PrefabParentObject: {fileID: 0}
  m_PrefabInternal: {fileID: 100100000}
  m_GameObject: {fileID: 1000013228260894}
  m_LocalRotation: {x: 0.06751551, y: 0.031732585, z: -0.7130848, w: 0.6970975}
  m_LocalPosition: {x: -0.07956622, y: -0.0025554346, z: 0.004006109}
  m_LocalScale: {x: 0.99999994, y: 0.99999905, z: 1.0000001}
  m_Children:
  - {fileID: 4000011502156378}
  m_Father: {fileID: 4000010289066134}
  m_RootOrder: 2
  m_LocalEulerAnglesHint: {x: 0, y: 0, z: 0}
--- !u!4 &4000014170795196
Transform:
  m_ObjectHideFlags: 1
  m_PrefabParentObject: {fileID: 0}
  m_PrefabInternal: {fileID: 100100000}
  m_GameObject: {fileID: 1000013712923238}
  m_LocalRotation: {x: 0.0000000037252903, y: -0.0000000018626454, z: 1, w: 0.00000005960465}
  m_LocalPosition: {x: -0.022039069, y: -0.000000057220458, z: 0}
  m_LocalScale: {x: -0.99999994, y: -1, z: -1}
  m_Children: []
  m_Father: {fileID: 4000014229467632}
  m_RootOrder: 0
  m_LocalEulerAnglesHint: {x: 0, y: 0, z: 0}
--- !u!4 &4000014229467632
Transform:
  m_ObjectHideFlags: 1
  m_PrefabParentObject: {fileID: 0}
  m_PrefabInternal: {fileID: 100100000}
  m_GameObject: {fileID: 1000010610054204}
  m_LocalRotation: {x: -0.000000037361843, y: -0.000000019369615, z: -0.37284273,
    w: 0.9278946}
  m_LocalPosition: {x: -0.024020663, y: -0.0000000047683715, z: 0}
  m_LocalScale: {x: 1.0000001, y: 1, z: 1}
  m_Children:
  - {fileID: 4000014170795196}
  m_Father: {fileID: 4000012880268688}
  m_RootOrder: 0
  m_LocalEulerAnglesHint: {x: 0, y: 0, z: 0}
--- !u!23 &23000010463210634
MeshRenderer:
  m_ObjectHideFlags: 1
  m_PrefabParentObject: {fileID: 0}
  m_PrefabInternal: {fileID: 100100000}
  m_GameObject: {fileID: 1000013384727746}
  m_Enabled: 1
  m_CastShadows: 1
  m_ReceiveShadows: 1
  m_MotionVectors: 1
  m_LightProbeUsage: 1
  m_ReflectionProbeUsage: 1
  m_Materials:
  - {fileID: 2100000, guid: cbe67e13f6bb3e649a4d8e5aa26b1d4a, type: 2}
  m_StaticBatchInfo:
    firstSubMesh: 0
    subMeshCount: 0
  m_StaticBatchRoot: {fileID: 0}
  m_ProbeAnchor: {fileID: 0}
  m_LightProbeVolumeOverride: {fileID: 0}
  m_ScaleInLightmap: 1
  m_PreserveUVs: 1
  m_IgnoreNormalsForChartDetection: 0
  m_ImportantGI: 0
  m_SelectedEditorRenderState: 3
  m_MinimumChartSize: 4
  m_AutoUVMaxDistance: 0.5
  m_AutoUVMaxAngle: 89
  m_LightmapParameters: {fileID: 0}
  m_SortingLayerID: 0
  m_SortingLayer: 0
  m_SortingOrder: 0
--- !u!23 &23000013026988750
MeshRenderer:
  m_ObjectHideFlags: 1
  m_PrefabParentObject: {fileID: 0}
  m_PrefabInternal: {fileID: 100100000}
  m_GameObject: {fileID: 1000014201317342}
  m_Enabled: 1
  m_CastShadows: 1
  m_ReceiveShadows: 1
  m_MotionVectors: 1
  m_LightProbeUsage: 1
  m_ReflectionProbeUsage: 1
  m_Materials:
  - {fileID: 2100000, guid: 41aa81b7cfe93a244b66df55b9df5040, type: 2}
  m_StaticBatchInfo:
    firstSubMesh: 0
    subMeshCount: 0
  m_StaticBatchRoot: {fileID: 0}
  m_ProbeAnchor: {fileID: 0}
  m_LightProbeVolumeOverride: {fileID: 0}
  m_ScaleInLightmap: 1
  m_PreserveUVs: 1
  m_IgnoreNormalsForChartDetection: 0
  m_ImportantGI: 0
  m_SelectedEditorRenderState: 3
  m_MinimumChartSize: 4
  m_AutoUVMaxDistance: 0.5
  m_AutoUVMaxAngle: 89
  m_LightmapParameters: {fileID: 0}
  m_SortingLayerID: 0
  m_SortingLayer: 0
  m_SortingOrder: 0
--- !u!23 &23000013260537806
MeshRenderer:
  m_ObjectHideFlags: 1
  m_PrefabParentObject: {fileID: 0}
  m_PrefabInternal: {fileID: 100100000}
  m_GameObject: {fileID: 1000011557444854}
  m_Enabled: 1
  m_CastShadows: 1
  m_ReceiveShadows: 1
  m_MotionVectors: 1
  m_LightProbeUsage: 1
  m_ReflectionProbeUsage: 1
  m_Materials:
  - {fileID: 2100000, guid: 671e349b7d5c0e649a725ea5cfdac8d8, type: 2}
  m_StaticBatchInfo:
    firstSubMesh: 0
    subMeshCount: 0
  m_StaticBatchRoot: {fileID: 0}
  m_ProbeAnchor: {fileID: 0}
  m_LightProbeVolumeOverride: {fileID: 0}
  m_ScaleInLightmap: 1
  m_PreserveUVs: 1
  m_IgnoreNormalsForChartDetection: 0
  m_ImportantGI: 0
  m_SelectedEditorRenderState: 3
  m_MinimumChartSize: 4
  m_AutoUVMaxDistance: 0.5
  m_AutoUVMaxAngle: 89
  m_LightmapParameters: {fileID: 0}
  m_SortingLayerID: 0
  m_SortingLayer: 0
  m_SortingOrder: 0
--- !u!33 &33000010302241518
MeshFilter:
  m_ObjectHideFlags: 1
  m_PrefabParentObject: {fileID: 0}
  m_PrefabInternal: {fileID: 100100000}
  m_GameObject: {fileID: 1000011557444854}
  m_Mesh: {fileID: 10207, guid: 0000000000000000e000000000000000, type: 0}
--- !u!33 &33000010384737480
MeshFilter:
  m_ObjectHideFlags: 1
  m_PrefabParentObject: {fileID: 0}
  m_PrefabInternal: {fileID: 100100000}
  m_GameObject: {fileID: 1000013384727746}
  m_Mesh: {fileID: 10206, guid: 0000000000000000e000000000000000, type: 0}
--- !u!33 &33000010500033754
MeshFilter:
  m_ObjectHideFlags: 1
  m_PrefabParentObject: {fileID: 0}
  m_PrefabInternal: {fileID: 100100000}
  m_GameObject: {fileID: 1000014201317342}
  m_Mesh: {fileID: 10207, guid: 0000000000000000e000000000000000, type: 0}
--- !u!136 &136000011613814162
CapsuleCollider:
  m_ObjectHideFlags: 1
  m_PrefabParentObject: {fileID: 0}
  m_PrefabInternal: {fileID: 100100000}
  m_GameObject: {fileID: 1000013384727746}
  m_Material: {fileID: 0}
  m_IsTrigger: 0
  m_Enabled: 1
  m_Radius: 0.5
  m_Height: 2
  m_Direction: 1
  m_Center: {x: 0, y: 0, z: 0}
--- !u!137 &137000010734209178
SkinnedMeshRenderer:
  m_ObjectHideFlags: 1
  m_PrefabParentObject: {fileID: 0}
  m_PrefabInternal: {fileID: 100100000}
  m_GameObject: {fileID: 1000012104318798}
  m_Enabled: 1
  m_CastShadows: 1
  m_ReceiveShadows: 1
  m_MotionVectors: 1
  m_LightProbeUsage: 0
  m_ReflectionProbeUsage: 1
  m_Materials:
  - {fileID: 2100000, guid: 266f59b16c37045e3a84665fc34a05f2, type: 2}
  m_StaticBatchInfo:
    firstSubMesh: 0
    subMeshCount: 0
  m_StaticBatchRoot: {fileID: 0}
  m_ProbeAnchor: {fileID: 0}
  m_LightProbeVolumeOverride: {fileID: 0}
  m_ScaleInLightmap: 1
  m_PreserveUVs: 0
  m_IgnoreNormalsForChartDetection: 0
  m_ImportantGI: 0
  m_SelectedEditorRenderState: 3
  m_MinimumChartSize: 4
  m_AutoUVMaxDistance: 0.5
  m_AutoUVMaxAngle: 89
  m_LightmapParameters: {fileID: 0}
  m_SortingLayerID: 0
  m_SortingLayer: 0
  m_SortingOrder: 0
  serializedVersion: 2
  m_Quality: 4
  m_UpdateWhenOffscreen: 0
  m_SkinnedMotionVectors: 1
  m_Mesh: {fileID: 4300000, guid: 0f21e392b49da41c2baf8f6718ac14b4, type: 3}
  m_Bones:
  - {fileID: 4000010289066134}
  - {fileID: 4000012322114342}
  - {fileID: 4000010914219774}
  - {fileID: 4000011482341280}
  - {fileID: 4000011342278840}
  - {fileID: 4000013776670872}
  - {fileID: 4000012028188370}
  - {fileID: 4000013438993220}
  - {fileID: 4000014229467632}
  - {fileID: 4000012880268688}
  - {fileID: 4000010287114972}
  - {fileID: 4000011502156378}
  - {fileID: 4000010977897566}
  - {fileID: 4000011574985424}
  - {fileID: 4000010727642392}
  - {fileID: 4000013066588816}
  m_BlendShapeWeights: []
  m_RootBone: {fileID: 4000010289066134}
  m_AABB:
    m_Center: {x: -0.07365988, y: 0.014587073, z: 0.01296027}
    m_Extent: {x: 0.1003456, y: 0.056656674, z: 0.075557224}
  m_DirtyAABB: 0
